@inproceedings{10.1145/3152824.3152830, author = {Bessani, Alysson and Sousa, Jo\~{a}o and Vukoli\'{c}, Marko}, title = {A Byzantine Fault-Tolerant Ordering Service for the Hyperledger Fabric Blockchain Platform}, year = {2017}, isbn = {9781450351737}, publisher = {Association for Computing Machinery}, address = {New York, NY, USA}, url = {https://doi.org/10.1145/3152824.3152830}, doi = {10.1145/3152824.3152830}, booktitle = {Proceedings of the 1st Workshop on Scalable and Resilient Infrastructures for Distributed Ledgers}, articleno = {6}, numpages = {2}, keywords = {blockchain, byzantine fault tolerance}, location = {Las Vegas, Nevada}, series = {SERIAL ’17} }

@inproceedings{bessani2014state,
  title={State machine replication for the masses with BFT-SMaRt},
  author={Bessani, Alysson and Sousa, Jo{\~a}o and Alchieri, Eduardo EP},
  booktitle={2014 44th Annual IEEE/IFIP International Conference on Dependable Systems and Networks},
  pages={355--362},
  year={2014},
  organization={IEEE}
}
@article{li2018new,
  title={A new lattice-based signature scheme in post-quantum blockchain network},
  author={Li, Chao-Yang and Chen, Xiu-Bo and Chen, Yu-Ling and Hou, Yan-Yan and Li, Jian},
  journal={IEEE Access},
  volume={7},
  pages={2026--2033},
  year={2018},
  publisher={IEEE}
}

@inproceedings{cash2010bonsai,
  title={Bonsai trees, or how to delegate a lattice basis},
  author={Cash, David and Hofheinz, Dennis and Kiltz, Eike and Peikert, Chris},
  booktitle={Annual International Conference on the Theory and Applications of Cryptographic Techniques},
  pages={523--552},
  year={2010},
  organization={Springer}
}

@inproceedings{hazari2019parallel,
  title={A parallel proof of work to improve transaction speed and scalability in blockchain systems},
  author={Hazari, Shihab Shahriar and Mahmoud, Qusay H},
  booktitle={2019 IEEE 9th Annual Computing and Communication Workshop and Conference (CCWC)},
  pages={0916--0921},
  year={2019},
  organization={IEEE}
}

@book{sciabarra2013ayn,
  title={Ayn Rand: The Russian Radical},
  author={Sciabarra, Chris Matthew},
  year={2013},
  publisher={Penn State Press}
}
@article{chan2017statistical,
  title={A statistical analysis of cryptocurrencies},
  author={Chan, Stephen and Chu, Jeffrey and Nadarajah, Saralees and Osterrieder, Joerg},
  journal={Journal of Risk and Financial Management},
  volume={10},
  number={2},
  pages={12},
  year={2017},
  publisher={Multidisciplinary Digital Publishing Institute}
}
@article{nakamoto2008bitcoin,
  title={Bitcoin: A peer-to-peer electronic cash system},
  author={Nakamoto, Satoshi and others},
  year={2008},
  publisher={Working Paper}
}

@techreport{libra2019,
     title = {{Libra White Paper}},
     author = {Libra Association Members},
     year = {2019} 
}
@article{taskinsoy2019facebook,
  title={Facebook’s Project Libra: Will Libra Sputter Out or Spur Central Banks to Introduce Their Own Unique Cryptocurrency Projects?},
  author={Taskinsoy, John},
  journal={Available at SSRN 3423453},
  year={2019}
}
@article{hasanova2019survey,
  title={A survey on blockchain cybersecurity vulnerabilities and possible countermeasures},
  author={Hasanova, Huru and Baek, Ui-jun and Shin, Mu-gon and Cho, Kyunghee and Kim, Myung-Sup},
  journal={International Journal of Network Management},
  volume={29},
  number={2},
  pages={e2060},
  year={2019},
  publisher={Wiley Online Library}
}
@article{atzei2016survey,
  title={A survey of attacks on Ethereum smart contracts.},
  author={Atzei, Nicola and Bartoletti, Massimo and Cimoli, Tiziana},
  journal={IACR Cryptology ePrint archive},
  volume={2016},
  pages={1007},
  year={2016}
}
@article{kyriazis2019survey,
  title={A survey on efficiency and profitable trading opportunities in cryptocurrency markets},
  author={Kyriazis, Nikolaos A},
  journal={Journal of Risk and Financial Management},
  volume={12},
  number={2},
  pages={67},
  year={2019},
  publisher={Multidisciplinary Digital Publishing Institute}
}
@article{feng2019survey,
  title={A survey on privacy protection in blockchain system},
  author={Feng, Qi and He, Debiao and Zeadally, Sherali and Khan, Muhammad Khurram and Kumar, Neeraj},
  journal={Journal of Network and Computer Applications},
  volume={126},
  pages={45--58},
  year={2019},
  publisher={Elsevier}
}
@article{esposito2018blockchain,
  title={Blockchain: A panacea for healthcare cloud-based data security and privacy?},
  author={Esposito, Christian and De Santis, Alfredo and Tortora, Genny and Chang, Henry and Choo, Kim-Kwang Raymond},
  journal={IEEE Cloud Computing},
  volume={5},
  number={1},
  pages={31--37},
  year={2018},
  publisher={IEEE}
}
@article{yi2019securing,
  title={Securing e-voting based on blockchain in P2P network},
  author={Yi, Haibo},
  journal={EURASIP Journal on Wireless Communications and Networking},
  volume={2019},
  number={1},
  pages={1--9},
  year={2019},
  publisher={SpringerOpen}
}
@article{jiang2019ptas,
  title={PTAS: Privacy-preserving thin-client authentication scheme in blockchain-based PKI},
  author={Jiang, Wenbo and Li, Hongwei and Xu, Guowen and Wen, Mi and Dong, Guishan and Lin, Xiaodong},
  journal={Future Generation Computer Systems},
  volume={96},
  pages={185--195},
  year={2019},
  publisher={Elsevier}
}
@inproceedings{apostolaki2017hijacking,
  title={Hijacking bitcoin: Routing attacks on cryptocurrencies},
  author={Apostolaki, Maria and Zohar, Aviv and Vanbever, Laurent},
  booktitle={2017 IEEE Symposium on Security and Privacy (SP)},
  pages={375--392},
  year={2017},
  organization={IEEE}
}

@inproceedings{kyu2002efficient,
  title={An efficient implementation of hash function processor for IPSEC},
  author={kyu Kang, Yong and Kim, Dae Won and Kwon, Taek Won and Choi, Jun Rim},
  booktitle={Proceedings of Third IEEE Asia-Pacific Conference on ASICs, Taipei, Taiwan},
  year={2002},
  organization={Citeseer}
}
@inproceedings{cheng2018efficient,
  title={Efficient implementation of the SHA-512 hash function for 8-bit AVR microcontrollers},
  author={Cheng, Hao and Dinu, Daniel and Gro{\ss}sch{\"a}dl, Johann},
  booktitle={International Conference on Security for Information Technology and Communications},
  pages={273--287},
  year={2018},
  organization={Springer}
}
@article{osvik2012fast,
  title={Fast Embedded Software Hashing.},
  author={Osvik, Dag Arne},
  journal={IACR Cryptology ePrint Archive},
  volume={2012},
  pages={156},
  year={2012}
}
@article{wang2019message,
  title={Message Authentication with a New Quantum Hash Function},
  author={Wang, Yalan and Chen, Yuling and Ahmad, Haseeb and Wei, Zhanhong},
  journal={CMC-COMPUTERS MATERIALS \& CONTINUA},
  volume={59},
  number={2},
  pages={635--648},
  year={2019},
  publisher={TECH SCIENCE PRESS 871 CORONADO CENTER DR, SUTE 200, HENDERSON, NV 89052 USA}
}

@article{li2013discrete,
  title={Discrete-time interacting quantum walks and quantum Hash schemes},
  author={Li, Dan and Zhang, Jie and Guo, Fen-Zhuo and Huang, Wei and Wen, Qiao-Yan and Chen, Hui},
  journal={Quantum information processing},
  volume={12},
  number={3},
  pages={1501--1513},
  year={2013},
  publisher={Springer}
}
@article{lemieux2016trusting,
  title={Trusting records: is Blockchain technology the answer?},
  author={Lemieux, Victoria Louise},
  journal={Records Management Journal},
  year={2016},
  publisher={Emerald Group Publishing Limited}
}
@misc{snow2015factom,
  title={Factom ledger by consensus},
  author={Snow, Paul and Deery, Brian and Kirby, Peter and Johnston, David},
  year={2015},
  publisher={Retrieved from Factom website: http://www. factom. org}
}
@inproceedings{mohamed2019applying,
  title={Applying blockchain in industry 4.0 applications},
  author={Mohamed, Nader and Al-Jaroodi, Jameela},
  booktitle={2019 IEEE 9th Annual Computing and Communication Workshop and Conference (CCWC)},
  pages={0852--0858},
  year={2019},
  organization={IEEE}
}
@article{lasi2014industry,
  title={Industry 4.0},
  author={Lasi, Heiner and Fettke, Peter and Kemper, Hans-Georg and Feld, Thomas and Hoffmann, Michael},
  journal={Business \& information systems engineering},
  volume={6},
  number={4},
  pages={239--242},
  year={2014},
  publisher={Springer}
}

@article{ivanov2018technical,
  title={Technical comparison aspects of leading blockchain-based platforms on key characteristics},
  author={Ivanov, Alexander and Babichenko, Yevhenii and Kanunnikov, Hlib and Karpus, Paul and Foiu-Khatskevych, Leonid and Kravchenko, Roman and Gorokhovskyi, Kyrylo and Nevmerzhitskyi, Ievhen},
  year={2018}
}
@inproceedings{destefanis2018smart,
  title={Smart contracts vulnerabilities: a call for blockchain software engineering?},
  author={Destefanis, Giuseppe and Marchesi, Michele and Ortu, Marco and Tonelli, Roberto and Bracciali, Andrea and Hierons, Robert},
  booktitle={2018 International Workshop on Blockchain Oriented Software Engineering (IWBOSE)},
  pages={19--25},
  year={2018},
  organization={IEEE}
}
@article{buterin2016ethereum,
  title={What is Ethereum?},
  author={Buterin, Vitalik},
  journal={Ethereum Official webpage. Available: http://www. ethdocs. org/en/latest/introduction/what-is-ethereum. html},
  year={2016}
}
@manual{Parity,
      title  = "Blockchain Infrastructure for the Decentralised Web",
      note   = "\url{https://www.parity.io/}",
      year   = "(acceso Junio 2, 2020)"
    }
@article{halaburda2018blockchain,
  title={Blockchain revolution without the blockchain?},
  author={Halaburda, Hanna},
  journal={Communications of the ACM},
  volume={61},
  number={7},
  pages={27--29},
  year={2018},
  publisher={ACM New York, NY, USA}
}

@article{kim2018optimized,
  title={An Optimized Hardware Implementation of SHA-3 Hash Functions},
  author={Kim, Dong-Seong and Shin, Kyung-Wook},
  journal={Journal of IKEEE},
  volume={22},
  number={4},
  pages={886--895},
  year={2018},
  publisher={Institute of Korean Electrical and Electronics Engineers}
}

@article{kang2018incentivizing,
  title={Incentivizing consensus propagation in proof-of-stake based consortium blockchain networks},
  author={Kang, Jiawen and Xiong, Zehui and Niyato, Dusit and Wang, Ping and Ye, Dongdong and Kim, Dong In},
  journal={IEEE Wireless Communications Letters},
  volume={8},
  number={1},
  pages={157--160},
  year={2018},
  publisher={IEEE}
}
@inproceedings{zhang2009stackelberg,
  title={Stackelberg game for utility-based cooperative cognitiveradio networks},
  author={Zhang, Jin and Zhang, Qian},
  booktitle={Proceedings of the tenth ACM international symposium on Mobile ad hoc networking and computing},
  pages={23--32},
  year={2009}
}
@inproceedings{kiayias2017ouroboros,
  title={Ouroboros: A provably secure proof-of-stake blockchain protocol},
  author={Kiayias, Aggelos and Russell, Alexander and David, Bernardo and Oliynykov, Roman},
  booktitle={Annual International Cryptology Conference},
  pages={357--388},
  year={2017},
  organization={Springer}
}
@article{dai2019blockchain,
  title={Blockchain for internet of things: A survey},
  author={Dai, Hong-Ning and Zheng, Zibin and Zhang, Yan},
  journal={IEEE Internet of Things Journal},
  volume={6},
  number={5},
  pages={8076--8094},
  year={2019},
  publisher={IEEE}
}
@article{xu2016blockchains,
  title={Are blockchains immune to all malicious attacks?},
  author={Xu, Jennifer J},
  journal={Financial Innovation},
  volume={2},
  number={1},
  pages={1--9},
  year={2016},
  publisher={SpringerOpen}
}
@inproceedings{yoo2018promoting,
  title={Promoting cooperative strategies on proof-of-work blockchain},
  author={Yoo, Seunghyun and Kim, Seungbae and Joy, Joshua and Gerla, Mario},
  booktitle={2018 International Joint Conference on Neural Networks (IJCNN)},
  pages={1--8},
  year={2018},
  organization={IEEE}
}

@article{wang2019survey,
  title={Survey on blockchain for Internet of Things},
  author={Wang, Xu and Zha, Xuan and Ni, Wei and Liu, Ren Ping and Guo, Y Jay and Niu, Xinxin and Zheng, Kangfeng},
  journal={Computer Communications},
  volume={136},
  pages={10--29},
  year={2019},
  publisher={Elsevier}
}

@manual{Monero,
      title  = "MONERO, A Reasonably Private Digital Currency",
      note   = "\url{https://getmonero.org}",
      year   = "(acceso Junio 2, 2020)"
    }


@article{li2019energy,
  title={Energy consumption of cryptocurrency mining: A study of electricity consumption in mining cryptocurrencies},
  author={Li, Jingming and Li, Nianping and Peng, Jinqing and Cui, Haijiao and Wu, Zhibin},
  journal={Energy},
  volume={168},
  pages={160--168},
  year={2019},
  publisher={Elsevier}
}
@article{krause2018quantification,
  title={Quantification of energy and carbon costs for mining cryptocurrencies},
  author={Krause, Max J and Tolaymat, Thabet},
  journal={Nature Sustainability},
  volume={1},
  number={11},
  pages={711--718},
  year={2018},
  publisher={Nature Publishing Group}
}
@article{alshahrani2019secure,
  title={Secure mutual authentication and automated access control for IoT smart home using cumulative keyed-hash chain},
  author={Alshahrani, Mohammed and Traore, Issa},
  journal={Journal of information security and applications},
  volume={45},
  pages={156--175},
  year={2019},
  publisher={Elsevier}
}

@inproceedings{gervais2016security,
  title={On the security and performance of proof of work blockchains},
  author={Gervais, Arthur and Karame, Ghassan O and W{\"u}st, Karl and Glykantzis, Vasileios and Ritzdorf, Hubert and Capkun, Srdjan},
  booktitle={Proceedings of the 2016 ACM SIGSAC conference on computer and communications security},
  pages={3--16},
  year={2016}
}
@techreport{wust2016ethereum,
  title={Ethereum eclipse attacks},
  author={W{\"u}st, Karl and Gervais, Arthur},
  year={2016},
  institution={ETH Zurich}
}
@inproceedings{nayak2016stubborn,
  title={Stubborn mining: Generalizing selfish mining and combining with an eclipse attack},
  author={Nayak, Kartik and Kumar, Srijan and Miller, Andrew and Shi, Elaine},
  booktitle={2016 IEEE European Symposium on Security and Privacy (EuroS\&P)},
  pages={305--320},
  year={2016},
  organization={IEEE}
}
@inproceedings{alphand2018iotchain,
  title={IoTChain: A blockchain security architecture for the Internet of Things},
  author={Alphand, Olivier and Amoretti, Michele and Claeys, Timothy and Dall'Asta, Simone and Duda, Andrzej and Ferrari, Gianluigi and Rousseau, Franck and Tourancheau, Bernard and Veltri, Luca and Zanichelli, Francesco},
  booktitle={2018 IEEE Wireless Communications and Networking Conference (WCNC)},
  pages={1--6},
  year={2018},
  organization={IEEE}
}

@article{vuvcinic2015oscar,
  title={OSCAR: Object security architecture for the Internet of Things},
  author={Vu{\v{c}}ini{\'c}, Mali{\v{s}}a and Tourancheau, Bernard and Rousseau, Franck and Duda, Andrzej and Damon, Laurent and Guizzetti, Roberto},
  journal={Ad Hoc Networks},
  volume={32},
  pages={3--16},
  year={2015},
  publisher={Elsevier}
}
@article{seitz2017authentication,
  title={Authentication and authorization for constrained environments (ace)},
  author={Seitz, Ludwig and Selander, Goeran and Wahlstroem, Erik and Erdtman, Samuel and Tschofenig, Hannes},
  journal={Internet Engineering Task Force, Internet-Draft draft-ietf-aceoauth-authz-07},
  year={2017}
}
@article{cai2018decentralized,
  title={Decentralized applications: The blockchain-empowered software system},
  author={Cai, Wei and Wang, Zehua and Ernst, Jason B and Hong, Zhen and Feng, Chen and Leung, Victor CM},
  journal={IEEE Access},
  volume={6},
  pages={53019--53033},
  year={2018},
  publisher={IEEE}
}
@article{singh2020blockchain,
  title={Blockchain smart contracts formalization: Approaches and challenges to address vulnerabilities},
  author={Singh, Amritraj and Parizi, Reza M and Zhang, Qi and Choo, Kim-Kwang Raymond and Dehghantanha, Ali},
  journal={Computers \& Security},
  volume={88},
  pages={101654},
  year={2020},
  publisher={Elsevier}
}
@article{sharma2018blockchain,
  title={Blockchain based hybrid network architecture for the smart city},
  author={Sharma, Pradip Kumar and Park, Jong Hyuk},
  journal={Future Generation Computer Systems},
  volume={86},
  pages={650--655},
  year={2018},
  publisher={Elsevier}
}

@article{saleh2020blockchain,
  title={Blockchain without waste: Proof-of-stake},
  author={Saleh, Fahad},
  journal={Available at SSRN 3183935},
  year={2020}
}
@article{liu2019fork,
  title={Fork-free hybrid consensus with flexible proof-of-activity},
  author={Liu, Zhiqiang and Tang, Shuyang and Chow, Sherman SM and Liu, Zhen and Long, Yu},
  journal={Future Generation Computer Systems},
  volume={96},
  pages={515--524},
  year={2019},
  publisher={Elsevier}
}
@article{bentov2014proof,
  title={Proof of activity: Extending bitcoin's proof of work via proof of stake [extended abstract] y},
  author={Bentov, Iddo and Lee, Charles and Mizrahi, Alex and Rosenfeld, Meni},
  journal={ACM SIGMETRICS Performance Evaluation Review},
  volume={42},
  number={3},
  pages={34--37},
  year={2014},
  publisher={ACM New York, NY, USA}
}
@inproceedings{pass2017hybrid,
  title={Hybrid consensus: Efficient consensus in the permissionless model},
  author={Pass, Rafael and Shi, Elaine},
  booktitle={31st International Symposium on Distributed Computing (DISC 2017)},
  year={2017},
  organization={Schloss Dagstuhl-Leibniz-Zentrum fuer Informatik}
}

@article{motohashi2019secure,
  title={Secure and Scalable mHealth Data Management Using Blockchain Combined With Client Hashchain: System Design and Validation},
  author={Motohashi, Tomomitsu and Hirano, Tomonobu and Okumura, Kosuke and Kashiyama, Makiko and Ichikawa, Daisuke and Ueno, Taro},
  journal={Journal of medical Internet research},
  volume={21},
  number={5},
  pages={e13385},
  year={2019},
  publisher={JMIR Publications Inc., Toronto, Canada}
}
@article{khan2018iot,
  title={IoT security: Review, blockchain solutions, and open challenges},
  author={Khan, Minhaj Ahmad and Salah, Khaled},
  journal={Future Generation Computer Systems},
  volume={82},
  pages={395--411},
  year={2018},
  publisher={Elsevier}
}
@inproceedings{tariq2018detection,
  title={Detection of False Data in Wireless Sensor Network Using Hash Chain},
  author={Tariq, Mahak and Khan, Mashal and Fatima, Sana},
  booktitle={2018 International Conference on Applied and Engineering Mathematics (ICAEM)},
  pages={126--129},
  year={2018},
  organization={IEEE}
}

@article{cao2019cloud,
  title={Cloud-assisted secure eHealth systems for tamper-proofing EHR via blockchain},
  author={Cao, Sheng and Zhang, Gexiang and Liu, Pengfei and Zhang, Xiaosong and Neri, Ferrante},
  journal={Information Sciences},
  volume={485},
  pages={427--440},
  year={2019},
  publisher={Elsevier}
}
@article{puthal2018blockchain,
  title={The blockchain as a decentralized security framework [future directions]},
  author={Puthal, Deepak and Malik, Nisha and Mohanty, Saraju P and Kougianos, Elias and Yang, Chi},
  journal={IEEE Consumer Electronics Magazine},
  volume={7},
  number={2},
  pages={18--21},
  year={2018},
  publisher={IEEE}
}
@article{park2018one,
  title={One-time password based on hash chain without shared secret and re-registration},
  author={Park, Chang-Seop},
  journal={Computers \& Security},
  volume={75},
  pages={138--146},
  year={2018},
  publisher={Elsevier}
}
@article{rabah2018convergence,
  title={Convergence of AI, IoT, big data and blockchain: a review},
  author={Rabah, Kefa},
  journal={The Lake Institute Journal},
  volume={1},
  number={1},
  pages={1--18},
  year={2018}
}
@inproceedings{ferrer2018blockchain,
  title={The blockchain: a new framework for robotic swarm systems},
  author={Ferrer, Eduardo Castell{\'o}},
  booktitle={Proceedings of the future technologies conference},
  pages={1037--1058},
  year={2018},
  organization={Springer}
}
@article{jeong2020multi,
  title={Multi-hash chain based multimedia search technology optimized for distributed environments using IoT devices},
  author={Jeong, Yoon-Su},
  journal={Multimedia Tools and Applications},
  pages={1--18},
  year={2020},
  publisher={Springer}
}
@article{lu2018research,
  title={Research on trusted DNP3-BAE protocol based on hash chain},
  author={Lu, Ye and Feng, Tao},
  journal={EURASIP Journal on Wireless Communications and Networking},
  volume={2018},
  number={1},
  pages={1--10},
  year={2018},
  publisher={SpringerOpen}
}
@article{lamport1981password,
  title={Password authentication with insecure communication},
  author={Lamport, Leslie},
  journal={Communications of the ACM},
  volume={24},
  number={11},
  pages={770--772},
  year={1981},
  publisher={ACM New York, NY, USA}
}
@book{clarke2004practical,
  title={Practical modern SCADA protocols: DNP3, 60870.5 and related systems},
  author={Clarke, Gordon and Reynders, Deon and Wright, Edwin},
  year={2004},
  publisher={Newnes}
}